@article{safavian1991survey,
  title={A survey of decision tree classifier methodology},
  author={Safavian, S Rasoul and Landgrebe, David},
  journal={IEEE transactions on systems, man, and cybernetics},
  volume={21},
  number={3},
  pages={660--674},
  year={1991},
  publisher={IEEE}
}
@book{minsky2017perceptrons,
  title={Perceptrons: An introduction to computational geometry},
  author={Minsky, Marvin and Papert, Seymour A and Bottou, L{\'e}on},
  year={2017},
  publisher={MIT press}
}

@article{hall2009weka,
  title={The WEKA data mining software: an update},
  author={Hall, Mark and Frank, Eibe and Holmes, Geoffrey and Pfahringer, Bernhard and Reutemann, Peter and Witten, Ian H},
  journal={ACM SIGKDD explorations newsletter},
  volume={11},
  number={1},
  pages={10--18},
  year={2009},
  publisher={ACM}
}

@incollection{jolliffe1986principal,
  title={Principal component analysis and factor analysis},
  author={Jolliffe, Ian T},
  booktitle={Principal component analysis},
  pages={115--128},
  year={1986},
  publisher={Springer}
}

@book{yegnanarayana2009artificial,
  title={Artificial neural networks},
  author={Yegnanarayana, B},
  year={2009},
  publisher={PHI Learning Pvt. Ltd.}
}

@inproceedings{janecek2008relationship,
  title={On the relationship between feature selection and classification accuracy},
  author={Janecek, Andreas and Gansterer, Wilfried and Demel, Michael and Ecker, Gerhard},
  booktitle={New Challenges for Feature Selection in Data Mining and Knowledge Discovery},
  pages={90--105},
  year={2008}
}

@book{dreyfus1992computers,
  title={What computers still can't do: a critique of artificial reason},
  author={Dreyfus, Hubert L},
  year={1992},
  publisher={MIT press}
}


@inproceedings{beck2008backward,
  title={A Backward Adjusting Strategy and Optimization of the C4. 5 Parameters to Improve C4. 5's Performance.},
  author={Beck, Jason R and Garcia, Maria and Zhong, Mingyu and Georgiopoulos, Michael and Anagnostopoulos, Georgios C},
  year={2008}
}
@article{quinlan1987simplifying,
  title={Simplifying decision trees},
  author={Quinlan, J. Ross},
  journal={International journal of man-machine studies},
  volume={27},
  number={3},
  pages={221--234},
  year={1987},
  publisher={Elsevier}
}

@book{american1998breast,
  title={Breast imaging reporting and data system},
  author={{American College of Radiology}},
  year={1998},
  publisher={American College of Radiology}
}

@article{d2003breast,
  title={Breast imaging reporting and data system: ACR BI-RADS-mammography},
  author={Dâ€™orsi, CJ and Bassett, LWea and Berg, WA and Feig, SA and Jackson, VP and Kopans, DB and others},
  journal={American College of Radiology},
  volume={4},
  year={2003}
}

@article{kerlikowske1993mammography,
  title={Mammography by Age},
  author={Kerlikowske, Karla and Grady, MD and Barclay, MS},
  journal={Jama},
  volume={270},
  pages={2444--2450},
  year={1993}
}
@article{woods2011mammographic,
  title={The mammographic density of a mass is a significant predictor of breast cancer},
  author={Woods, Ryan W and Sisney, Gale S and Salkowski, Lonie R and Shinki, Kazuhiko and Lin, Yunzhi and Burnside, Elizabeth S},
  journal={Radiology},
  volume={258},
  number={2},
  pages={417--425},
  year={2011},
  publisher={Radiological Society of North America, Inc.}
}
