@article{haralick1987image,
  title={Image analysis using mathematical morphology},
  author={Haralick, Robert M and Sternberg, Stanley R and Zhuang, Xinhua},
  journal={IEEE transactions on pattern analysis and machine intelligence},
  number={4},
  pages={532--550},
  year={1987},
  publisher={IEEE}
}

@article{haralick1973textural,
  title={Textural features for image classification},
  author={Haralick, Robert M and Shanmugam, Karthikeyan and others},
  journal={IEEE Transactions on systems, man, and cybernetics},
  number={6},
  pages={610--621},
  year={1973},
  publisher={Ieee}
}

@article{freeman1961encoding,
  title={On the encoding of arbitrary geometric configurations},
  author={Freeman, Herbert},
  journal={IRE Transactions on Electronic Computers},
  number={2},
  pages={260--268},
  year={1961},
  publisher={IEEE}
}

@article{otsu1979threshold,
  title={A threshold selection method from gray-level histograms},
  author={Otsu, Nobuyuki},
  journal={IEEE transactions on systems, man, and cybernetics},
  volume={9},
  number={1},
  pages={62--66},
  year={1979},
  publisher={IEEE}
}

@misc{cca,
	title={Image analysis - connected components labeling},
	howpublished={\url{http://homepages.inf.ed.ac.uk/rbf/HIPR2/label.htm}},
	journal={Homepages.inf.ed.ac.uk}
}

@misc{matlab,
	author={MathWorks},
	howpublished={\url{https://www.mathworks.com/products/matlab.html}},
	journal={Mathworks.com}
}

@article{rosenfeld1966sequential,
  title={Sequential operations in digital picture processing},
  author={Rosenfeld, Azriel and Pfaltz, John L},
  journal={Journal of the ACM (JACM)},
  volume={13},
  number={4},
  pages={471--494},
  year={1966},
  publisher={ACM}
}


@article{hall2009weka,
  title={The WEKA data mining software: an update},
  author={Hall, Mark and Frank, Eibe and Holmes, Geoffrey and Pfahringer, Bernhard and Reutemann, Peter and Witten, Ian H},
  journal={ACM SIGKDD explorations newsletter},
  volume={11},
  number={1},
  pages={10--18},
  year={2009},
  publisher={ACM}
}
